<record><leader>00000cas a2200000 a 4500</leader><controlfield tag="001">11177102</controlfield><controlfield tag="008">840920d18701870nyudr n       0    0eng c</controlfield><datafield ind1=" " ind2=" " tag="010"><subfield code="a">sn 86091330 </subfield></datafield><datafield ind1=" " ind2=" " tag="040"><subfield code="a">DPL</subfield><subfield code="b">eng</subfield><subfield code="c">DPL</subfield><subfield code="d">UNP</subfield><subfield code="d">MGN</subfield><subfield code="d">IUL</subfield><subfield code="d">OCLCQ</subfield><subfield code="d">OCLCF</subfield><subfield code="d">OCLCO</subfield></datafield><datafield ind1="1" ind2=" " tag="029"><subfield code="a">AU@</subfield><subfield code="b">000021576926</subfield></datafield><datafield ind1=" " ind2=" " tag="042"><subfield code="a">pcc</subfield></datafield><datafield ind1=" " ind2=" " tag="043"><subfield code="a">n-usp--</subfield></datafield><datafield ind1="0" ind2="0" tag="245"><subfield code="a">Trans-continental.</subfield></datafield><datafield ind1="3" ind2=" " tag="246"><subfield code="a">Transcontinental</subfield></datafield><datafield ind1=" " ind2=" " tag="260"><subfield code="a">Niagara Falls [N.Y. :</subfield><subfield code="b">s.n.],</subfield><subfield code="c">1870.</subfield></datafield><datafield ind1=" " ind2=" " tag="300"><subfield code="a">1 v. :</subfield><subfield code="b">ill. ;</subfield><subfield code="c">26 cm.</subfield></datafield><datafield ind1=" " ind2=" " tag="310"><subfield code="a">Daily</subfield></datafield><datafield ind1="0" ind2=" " tag="362"><subfield code="a">Vol. 1, no. 1 (May 24, 1870)-v. 1, no. 12 (July 4, 1870).</subfield></datafield><datafield ind1=" " ind2=" " tag="500"><subfield code="a">On cover: Boston Board of Trade, 1870. Trans-continental excursion.</subfield></datafield><datafield ind1=" " ind2=" " tag="500"><subfield code="a">"Published daily on the Pullman Hotel Express between Boston and San Francisco."</subfield></datafield><datafield ind1=" " ind2=" " tag="500"><subfield code="a">Published: Burlington, Iowa, &lt;June 30, 1870&gt;.</subfield></datafield><datafield ind1=" " ind2=" " tag="500"><subfield code="a">Editor: W.R. Steele.</subfield></datafield><datafield ind1=" " ind2="0" tag="651"><subfield code="a">West (U.S.)</subfield><subfield code="x">Description and travel</subfield><subfield code="v">Newspapers.</subfield></datafield><datafield ind1=" " ind2="7" tag="655"><subfield code="a">Newspapers.</subfield><subfield code="2">fast</subfield><subfield code="0">(OCoLC)fst01423814</subfield></datafield><datafield ind1=" " ind2="7" tag="650"><subfield code="a">Travel.</subfield><subfield code="2">fast</subfield><subfield code="0">(OCoLC)fst01155558</subfield></datafield><datafield ind1=" " ind2="7" tag="651"><subfield code="a">United States, West.</subfield><subfield code="2">fast</subfield><subfield code="0">(OCoLC)fst01243255</subfield></datafield><datafield ind1="1" ind2=" " tag="700"><subfield code="a">Steele, William R.</subfield></datafield><datafield ind1=" " ind2=" " tag="752"><subfield code="a">United States</subfield><subfield code="b">New York</subfield><subfield code="c">Niagara</subfield><subfield code="d">Niagara Falls.</subfield></datafield><datafield ind1=" " ind2=" " tag="752"><subfield code="a">United States</subfield><subfield code="b">Iowa</subfield><subfield code="c">Des Moines</subfield><subfield code="d">Burlington.</subfield></datafield></record>